@Manual{R,
    title = {R: A Language and Environment for Statistical Computing},
    author = {{R Core Team}},
    organization = {R Foundation for Statistical Computing},
    address = {Vienna, Austria},
    year = {2014},
    url = {http://www.R-project.org/},
  }

@Manual{R_surv,
	author = {Terry Therneau},
	year = {2014},
	title = {A Package for Survival Analysis in S},
	url = {http://CRAN.R-project.org/package=survival}
}

@book{R_surv_book,
	author = {Terry M. Therneau and Patricia M. Grambsch},
	 year = {2000},
	 title = {Modeling Survival Data: Extending the Cox Model},
	 publisher = {Springer},
	 address = {New York},
	 ISBN  = {0-387-98784-3}
}

@article{mice_tumors,
	author = {D. G. Hoel and H. E. Walburg},
	year = 1972,
	title = {Statistical analysis of survival experiments},
	journal = {The Annals of Statistics}, 
	volume = 18,
	pages = {1259- 1294}
}

@article{ic_tutorial,
	author = {G. Gomez and M. Calle and R. Oller and K. Langohr},
	year =  {2009},
	Title = {Tutorial on methods for interval-censored data and their implementation in R},
	journal = {Statistical Modeling},
	volume = {9(4)},
	pages = 259
}

@article{Turnbull_1976,
	author = {Bruce Turnbull},
	year = 1976,
	title = {The empirical distribution with arbitrarily grouped and censored data},
	journal = {Journal of the Royal Statistical Society, Series B},
	volume = 38,
	pages = {290-295}
}

@article{KM_curve,
	author = {E. Kaplan and P. Meier},
	year = 1958,
	title = {Nonparametric estimation from incomplete observations},
	journal = {Communication in Statistics - Theory and Methods},
	volume = 27,
	pages = {1961 - 1977}
}

@article{EMICM,
	title = {A hybrid algorithm for computation of the nonparametric maximum likelihood estimator from censored data},
 	author = {J. A. Wellner and Yihui Zhan},
	year = 1997,
	journal = {Journal of the American Statistical Association},
	volume = 92,
	pages = {945-959}

}	

  @Manual{Icens,
    title = {Icens: NPMLE for Censored and Truncated Data},
    author = {R. Gentleman and A. Vandal},
    note = {R package version 1.38.0},
    year = 2011
  }

	
 @Manual{MLEcens,
    title = {MLEcens: Computation of the MLE for bivariate (interval) censored data},
    author = {Marloes Maathuis},
    year = {2013},
    note = {R package version 0.1-4},
    url = {http://CRAN.R-project.org/package=MLEcens},
  }
  
@article{SupRedAlg,
	title = {The Support Reduction Algorithm for Computing Non-Parametric Function Estimates in Mixture Models},
	author = {Piet Groeneboom and Geurt Jongbloed and Jon Wellner},
	year = 2008,
	journal = {Scandinavian Journal of Statitistics},
	volum = 35,
	pages = {385-399}
}

@Manual{Case1Con,
	title = {Information bounds and non-parametric maximum likelihood estimation},
	author = {P. Groeneboom and J. Wellner},
	year = 1992,
	address = {DMV Seminar, Band 19,Birkhauser, New York}
}

@Manual{Case2Con1,
	author = {P. Groeneboom},
	title = {Lectures on inverse problems},
	year = {1996},
	address = {Lecture Notes in Mathematics, 1648, Springer-Verlag, Berlin}
	}

@article{Case2Con2,
	author = {J. Huang},
	title = {Asymptotic properties of nonparametric estimation based on partly interval-censored data},
	journal = {Statistica Sinica},
	volume = 9,
	year = 1999,
	pages = {501, 519}
}	

@article{ic_logrankTests,
	author = {M. P. Fay},
	title = {Comparing Several Score Tests for Interval Censored Data},
	year = 1999,
	journal = {Statistics in Medicine},
	Vol = 18,
	pages = 2681
	}

 @Article{intervalPackage,
    title = {Exact and Asymptotic Weighted Logrank Tests for Interval Censored Data: The {interval} {R} Package},
    author = {Michael P. Fay and Pamela A. Shaw},
    journal = {Journal of Statistical Software},
    year = {2010},
    volume = {36},
    number = {2},
    pages = {1--34}
  }
  
 @article{ic_coxph,
 	title = {A proportional hazards model for interval-censored failure time data},
	author = {D. M. Finkelstein},
	year = 1986,
	journal = {Biometrika},
	volume = 42,
	pages = {845-854}
}

@article{ic_coxph_asyp,
	title = {Efficient estimation for the proportional hazards model with interval censoring},
	author = {J. Huang},
	journal = {The Annals of Statistics},
	volume = 24,
	pages = {540-568},
	year = 1995
}

@article{coxphICM,
	title = {Extending the Iterative Convex Minorant Algorithm to the Cox Model for Interval-Censored Data},
	author = {Wei Pan},
	journal = {Journal of Computational and Graphical Statistics},
	year = 1999,
	volume = 8,
	pages = {109-120}
}

@Manual{intcox,
    title = {intcox: Iterated Convex Minorant Algorithm for interval censored event data},
    author = {Volkmar Henschel and Ulrich Mansmann},
    year = {2013},
    note = {R package version 0.9.3},
    url = {http://CRAN.R-project.org/package=intcox},
  }

@article{rubinMI,
		author = {D. B. Rubin},
		year = 1976,
		title =  {Inference and Missing Data},
		journal = {Biometrika},
		volume = 63, 
		pages = {581?592}
}

@article{panMI,
	title = {A multiple imputations approach to Cox regression with interval-censored data},
	author = {Wei Pan},
	year = 1999,
	journal = {Biometrics},
	volume = 12,
	pages = {133-146}
}

@article{vem,
	title = {A Vertex-exchange-method in $D$-optimal Design Theory},
	author =  {D. Bohning},
	 journal = {Metrika},
	 year = 1986,
	 volume = 33,
	 pages = {337-347}
}

@article{cocktail,
	title = {D-optimal designs via a cocktail algorithm},
	author = {Yaming Yu},
	year = 2011,
	volume = 21,
	pages = {475-481},
	journal = {Statistics and Computing}
	
}


 @Manual{straweib,
    title = {straweib: Stratified Weibull Regression Model},
    author = {Xiangdong Gu and Raji Balasubramanian},
    year = {2013},
    note = {R package version 1.0},
    url = {http://CRAN.R-project.org/package=straweib},
  }

@article{toothStudy,
	title = {The Signal-Tandmobiel  {\textregistered} Project - a Longitudinal Intervention Health Promotion Study in Flanders (Belgium): Base and First Year Results},
	author = {J. Vanobbergen and E. Lesaffre and D. Declerck},
	year = 2000,
	journal = {European Journal of Pediatric Dentistry},
	volume = 2,
	pages = {87-96}
}

@article{basicICM,
	title = "On Convergence of Convex Minorant Algorithms for Distribution Estimation with Interval-Censored Data",
	author = {J. Argaon and D. Eberly},
	year = 1992,
	journal = {Journal of Computational and Graphical Statistics},
	volume = 1,
	pages = {129-140}
}

@Manual{doParallel,
    title = {doParallel: Foreach parallel adaptor for the parallel package},
    author = {{Revolution Analytics and Steve Weston}},
    year = {2014},
    note = {R package version 1.0.8},
    url = {http://CRAN.R-project.org/package=doParallel},
  }

@article{CoxPH,
	title = {Regression Models and Life Tables},
	author = {D. R. Cox},
	year = 1972,
	journal = {Journal of the Royal Statistical Society. Series B (Methodological)},
	volume = 34,
	pages = {187-220}
}	

@article{propOdds1,
	title = {A semiparametric proportional odds regression model for the analysis of current status data},
	author = {A. Rossini and A. Tsiatis},
	year = 1996,
	journal = {Journal of the American Statistical Assocation},
	volume = 91,
	pages = {713-721}
}	

@article{propOdds2,
	title = {Using conditional logistic regression to fit proportional odds models to interval censored data},
	author = {D. Rabinowitz and R. Betensky and A. Tsiatis},
	year = 2000,
	journal = {Biometrics},
	volume = 56,
	pages = {511-518}
}

 @Manual{foreach,
    title = {foreach: Foreach looping construct for R},
    author = {{Revolution Analytics and Steve Weston}},
    year = {2014},
    note = {R package version 1.4.2},
    url = {http://CRAN.R-project.org/package=foreach},
  }

@article{bootstrap,
	title = {Bootstrap Methods: Another Look at the Jackknife},
	author = {B. Efron},
	journal = {The Annals of Statistics},
	volume = 7,
	year = 1979,
	pages = {1-26}
}